<record xmlns="http://www.loc.gov/MARC21/slim" xmlns:xsi="http://www.w3.org/2001/XMLSchema-instance" xsi:schemaLocation="http://www.loc.gov/MARC21/slim http://www.loc.gov/standards/marcxml/schema/MARC21slim.xsd"><leader>02090nam a2200385   4500</leader><controlfield tag="001">001756803</controlfield><controlfield tag="003">NNU</controlfield><controlfield tag="006">m        d        </controlfield><controlfield tag="007">cr cn |||m|||a</controlfield><controlfield tag="008">150223m19461951le      o     001 0 arar</controlfield><datafield ind1=" " ind2=" " tag="040"><subfield code="a">NNU</subfield><subfield code="b">eng</subfield><subfield code="c">NNU</subfield></datafield><datafield ind1=" " ind2="0" tag="050"><subfield code="a">PJ7631</subfield><subfield code="b">.B8</subfield></datafield><datafield ind1=" " ind2=" " tag="066"><subfield code="c">(3</subfield></datafield><datafield ind1=" " ind2=" " tag="090"><subfield code="a">PJ7631</subfield><subfield code="b">.B8</subfield></datafield><datafield ind1="1" ind2=" " tag="100"><subfield code="6">880-01</subfield><subfield code="a">Bust&#257;n&#299;, Fu&#700;&#257;d Afr&#257;m</subfield></datafield><datafield ind1="1" ind2="3" tag="245"><subfield code="6">880-02</subfield><subfield code="a">al-Maj&#257;ni al-&#7717;ad&#299;th &#699;an maj&#257;n&#299; al-Ab Shaykh&#363;</subfield><subfield code="h">[electronic resource] /</subfield><subfield code="c">jaddadah&#257; ikhtiy&#257;ran wa-darsan wa-shar&#7717;an wa-tabw&#299;ban lajnah min al-as&#257;tidhah bi-id&#257;rah Fu&#700;&#257;d Afr&#257;m al-Bust&#257;n&#299;.</subfield></datafield><datafield ind1=" " ind2=" " tag="260"><subfield code="6">880-03</subfield><subfield code="a">Bayr&#363;t :</subfield><subfield code="b">al-&#256;d&#257;b al-Sharq&#299;yah,</subfield><subfield code="c">1946-1951.</subfield></datafield><datafield ind1=" " ind2=" " tag="300"><subfield code="a">online resource (5 v.)</subfield></datafield><datafield ind1=" " ind2=" " tag="500"><subfield code="a">Text of the poems is vocalized.</subfield></datafield><datafield ind1=" " ind2=" " tag="500"><subfield code="a">Includes indexes.</subfield></datafield><datafield ind1=" " ind2=" " tag="500"><subfield code="a">Part of the Arabic Collections Online (ACO) project, contributed by New York Univeristy Libraries.</subfield></datafield><datafield ind1=" " ind2=" " tag="504"><subfield code="a">Bibliographical footnotes.</subfield></datafield><datafield ind1=" " ind2=" " tag="533"><subfield code="a">Electronic reproduction.</subfield><subfield code="b">New York, N.Y. :</subfield><subfield code="c">New York University,</subfield><subfield code="d">2015.</subfield><subfield code="5">NNU</subfield></datafield><datafield ind1=" " ind2="0" tag="650"><subfield code="a">Arabic poetry.</subfield></datafield><datafield ind1="1" ind2=" " tag="700"><subfield code="6">880-04</subfield><subfield code="a">Cheikho, Louis,</subfield><subfield code="d">1859-1927</subfield><subfield code="t">Maj&#257;n&#299; al-adab f&#299; &#7717;aq&#257;&#700;iq al-&#699;Arab.</subfield></datafield><datafield ind1="2" ind2=" " tag="710"><subfield code="a">New York University.</subfield><subfield code="b">Libraries.</subfield></datafield><datafield ind1="0" ind2=" " tag="730"><subfield code="a">Arabic Collections Online.</subfield></datafield><datafield ind1="0" ind2="8" tag="776"><subfield code="i">Print version:</subfield><subfield code="a">Bust&#257;n&#299;, Fu&#700;&#257;d Afr&#257;m 880-01</subfield><subfield code="t">al-Maj&#257;ni al-&#7717;ad&#299;th &#699;an maj&#257;n&#299; al-Ab Shaykh&#363;</subfield><subfield code="w">(NNU)001756803</subfield><subfield code="w">(DLC)75588378</subfield></datafield><datafield ind1="4" ind2="0" tag="856"><subfield code="u">http://hdl.handle.net/2333.1/tmpg4hg7</subfield></datafield><datafield ind1="1" ind2=" " tag="880"><subfield code="6">100-01/</subfield><subfield code="a">&#1576;&#1587;&#1578;&#1575;&#1606;&#1610;&#1548; &#1601;&#1572;&#1575;&#1583; &#1571;&#1601;&#1585;&#1575;&#1605;.</subfield></datafield><datafield ind1="1" ind2="2" tag="880"><subfield code="6">245-02/</subfield><subfield code="a">&#1575;&#1604;&#1605;&#1580;&#1575;&#1606;&#1610; &#1575;&#1604;&#1581;&#1583;&#1610;&#1579;&#1577; &#1593;&#1606; &#1605;&#1580;&#1575;&#1606;&#1610; &#1575;&#1604;&#1575;&#1576; &#1588;&#1610;&#1582;&#1608; /</subfield><subfield code="c">&#1580;&#1583;&#1583;&#1607;&#1575; &#1575;&#1582;&#1578;&#1610;&#1575;&#1585;&#1575; &#1608;&#1583;&#1585;&#1587;&#1575; &#1608;&#1588;&#1585;&#1581;&#1575; &#1608;&#1578;&#1576;&#1608;&#1610;&#1576;&#1575; &#1604;&#1580;&#1606;&#1577; &#1605;&#1606; &#1575;&#1604;&#1571;&#1587;&#1575;&#1578;&#1584;&#1577; &#1576;&#1575;&#1583;&#1575;&#1585;&#1577; &#1601;&#1572;&#1575;&#1583; &#1571;&#1601;&#1585;&#1575;&#1605; &#1575;&#1604;&#1576;&#1587;&#1578;&#1575;&#1606;&#1610;.</subfield></datafield><datafield ind1=" " ind2=" " tag="880"><subfield code="6">260-03/</subfield><subfield code="a">&#1576;&#1610;&#1585;&#1608;&#1578; :</subfield><subfield code="b">&#1575;&#1604;&#1570;&#1583;&#1575;&#1576; &#1575;&#1604;&#1588;&#1585;&#1602;&#1610;&#1577;&#1548;</subfield><subfield code="c">&#1633;&#1641;&#1636;&#1638;-&#1633;&#1641;&#1637;&#1633;.</subfield></datafield><datafield ind1="1" ind2=" " tag="880"><subfield code="6">700-04/</subfield><subfield code="a">&#1588;&#1587;&#1582;&#1608;&#1548; &#1604;&#1608;&#1610;&#1587;.</subfield><subfield code="t">&#1605;&#1580;&#1575;&#1606;&#1610; &#1575;&#1604;&#1575;&#1583;&#1576; &#1601;&#1610; &#1581;&#1602;&#1575;&#1574;&#1602; &#1575;&#1604;&#1593;&#1585;&#1576;.</subfield></datafield><datafield ind1=" " ind2=" " tag="959"><subfield code="a">NNU</subfield><subfield code="b">WEB</subfield><subfield code="c">GENI</subfield><subfield code="t">0</subfield><subfield code="m">Electronic access</subfield><subfield code="s">01</subfield></datafield><datafield ind1=" " ind2=" " tag="999"><subfield code="i">NNU_001756803</subfield><subfield code="s">nyu_aco000084:v.1</subfield><subfield code="s">nyu_aco000085:v.2</subfield><subfield code="s">nyu_aco000086:v.3</subfield><subfield code="s">nyu_aco000087:v.4</subfield><subfield code="s">nyu_aco000088:v.5</subfield></datafield></record>